<?xml version="1.0" encoding="UTF-8"?><record xmlns="http://www.loc.gov/MARC21/slim" xmlns:cinclude="http://apache.org/cocoon/include/1.0" xmlns:zs="http://www.loc.gov/zing/srw/">
  <leader>00846cz  a2200145n  4500</leader>
  <controlfield tag="001">n 2009161568</controlfield>
  <controlfield tag="003">DLC</controlfield>
  <controlfield tag="005">20130607111130.0</controlfield>
  <controlfield tag="008">090402n| azannaabn          |n ana      </controlfield>
  <datafield tag="010" ind1=" " ind2=" ">
    <subfield code="a">n 2009161568</subfield>
  </datafield>
  <datafield tag="040" ind1=" " ind2=" ">
    <subfield code="a">DLC</subfield>
    <subfield code="b">eng</subfield>
    <subfield code="c">DLC</subfield>
    <subfield code="e">rda</subfield>
    <subfield code="d">DLC</subfield>
  </datafield>
  <datafield tag="046" ind1=" " ind2=" ">
    <subfield code="s">1914</subfield>
  </datafield>
  <datafield tag="110" ind1="2" ind2=" ">
    <subfield code="a">International Longfellow Society</subfield>
  </datafield>
  <datafield tag="370" ind1=" " ind2=" ">
    <subfield code="e">Portland, Me.</subfield>
  </datafield>
  <datafield tag="670" ind1=" " ind2=" ">
    <subfield code="a">NUCMC data from Maine Hist. Soc. for International Longfellow Society collection, ca. 1917-1918</subfield>
    <subfield code="b">(International Longfellow Society; founded 1914 by Arthur Charles Jackson who bought the Longfellow birthplace. Society was dedicated to preserving this which was built ca. 1784 in Portland, Me., and located on the corner of Fore and Hancock streets; in 1918 society conducted a fund raising campaign to enable it to pay taxes and mortgage on the property but this was unsuccessful and building demolished in 1955)</subfield>
  </datafield>
</record>